@misc{skyfield-main,
  author = {Brandon Rhodes},
  title = {Skyfield -Elegant Astronomy for Python},
  note = {Last accessed 30 April 2022},
  url = {https://rhodesmill.org/skyfield/}
}

@misc{SPICE-concept,
  author = {NASA JPL},
  title = {The SPICE Concept},
  note = {Last accessed 30 April 2022},
  url = {https://naif.jpl.nasa.gov/naif/spiceconcept.html}
}

@misc{NAIF,
  author = {NASA JPL},
  title = {NAIF library},
  note = {Last accessed 30 April 2022},
  url = {https://naif.jpl.nasa.gov/pub/naif/}
}


@misc{JPL-Horizons,
  author = {NASA JPL},
  title = {JPL Horizons Web App},
  note = {Last accessed 30 April 2022},
  url = {https://ssd.jpl.nasa.gov/horizons/app.html#/}
}

@misc{spk-01,
  author = {whiskie14142@gmail.com},
  title = {spktype01 1.0.0 },
  note = {Last accessed 30 April 2022},
  url = {https://pypi.org/project/spktype01/}
}

@misc{spk-21,
  author = {whiskie14142@gmail.com},
  title = {spktype21 1.0.0 },
  note = {Last accessed 30 April 2022},
  url = {https://pypi.org/project/spktype21/}
}

@misc{sky-live,
  author = {info.theskylive@gmail.com},
  title = {The Sky Live Online Planetarium},
  note = {Last accessed 30 April 2022},
  url = {https://theskylive.com/}
}

@misc{kelso, 
    title={NORAD general perturbations (GP) element setscurrent data}, 
    url={http://celestrak.com/NORAD/elements/}, 
    journal={CelesTrak}, 
    author={Kelso, T. S.}
} 
